@article{Matthias_2004,
	doi = {10.1007/s10676-004-3422-1},
	url = {https://doi.org/10.1007%2Fs10676-004-3422-1},
	year = 2004,
	publisher = {Springer Science and Business Media {LLC}},
	volume = {6},
	number = {3},
	pages = {175--183},
	author = {Andreas Matthias},
	title = {The responsibility gap: Ascribing responsibility for the actions of learning automata},
	journal = {Ethics and Information Technology}
}
@incollection{frankfurt1969,
	url = {https://doi.org/10.4324%2F9781315248660-2},
	year = 1969,
	pages = {829--839},
	author = {Harry Frankfurt},
	title = {Alternate Possibilities and Moral Responsibility},
	journal = {Journal of Philosophy}
}
@book{russell2010artificial,
  title={Artificial intelligence: a modern approach},
  author={Russell, Stuart and Norvig, Peter},
  year={2010},
  publisher = {Pearson}
}
@article{johnson2006computer,
  title={Computer systems: Moral entities but not moral agents},
  author={Johnson, Deborah G},
  journal={Ethics and information technology},
  volume={8},
  number={4},
  pages={195--204},
  year={2006},
  publisher={Springer}
}
